%! Author = sbbfti
%! Date = 10/06/2020

@article{Tartarini2020a,
author = {Tartarini, Federico and Schiavon, Stefano},
doi = {10.1016/j.softx.2020.100578},
file = {:C$\backslash$:/Users/sbbfti/Documents/Mendeley Desktop/Tartarini, Schiavon - 2020 - pythermalcomfort A Python package for thermal comfort research.pdf:pdf},
issn = {23527110},
journal = {SoftwareX},
month = {jul},
pages = {100578},
publisher = {Elsevier B.V.},
title = {{pythermalcomfort: A Python package for thermal comfort research}},
volume = {12},
year = {2020}
}

@article{Tartarini2020,
author = {Tartarini, Federico and Schiavon, Stefano and Cheung, Toby and Hoyt, Tyler},
doi = {10.1016/j.softx.2020.100563},
file = {:C$\backslash$:/Users/sbbfti/Documents/Mendeley Desktop/Tartarini et al. - 2020 - CBE Thermal Comfort Tool Online tool for thermal comfort calculations and visualizations.pdf:pdf},
issn = {23527110},
journal = {SoftwareX},
keywords = {adaptive comfort,local thermal discomfort,models,predicted mean vote,thermal comfort},
month = {jul},
pages = {100563},
publisher = {Elsevier B.V.},
title = {{CBE Thermal Comfort Tool: Online tool for thermal comfort calculations and visualizations}},
volume = {12},
year = {2020}
}

